<?xml version="1.0" encoding="UTF-8"?><collection xmlns="http://www.loc.gov/MARC21/slim"><record><leader>00506nam--2200193-u-4500</leader><controlfield tag="001">000050351</controlfield><controlfield tag="002">20161230</controlfield><controlfield tag="005">20161230201048</controlfield><controlfield tag="008">070123s1000------------r-----000-0-eng-d</controlfield><datafield ind1=" " ind2=" " tag="020"><subfield code="a">0198506945</subfield></datafield><datafield ind1=" " ind2=" " tag="040"><subfield code="a">IFIN-HH</subfield></datafield><datafield ind1=" " ind2=" " tag="080"><subfield code="a">530.14:53.06(0.064)</subfield></datafield><datafield ind1="1" ind2=" " tag="100"><subfield code="a">McComb,W.D</subfield></datafield><datafield ind1="1" ind2="0" tag="245"><subfield code="a">Renormalization Methods</subfield><subfield code="b">A Guide for Beginners</subfield><subfield code="c">W.D. McComb</subfield></datafield><datafield ind1=" " ind2=" " tag="260"><subfield code="a">Oxford</subfield><subfield code="b">Clarendon Press</subfield><subfield code="c">2004</subfield></datafield><datafield ind1=" " ind2=" " tag="300"><subfield code="a">330 p</subfield></datafield><datafield ind1=" " ind2="4" tag="650"><subfield code="a">Renormalization Group</subfield></datafield><datafield ind1=" " ind2=" " tag="852"><subfield code="c">530.14</subfield></datafield><datafield ind1=" " ind2=" " tag="CAT"><subfield code="a">Sys</subfield><subfield code="c">20110324</subfield><subfield code="h">150023</subfield></datafield></record></collection>